<?xml version="1.0" encoding="UTF-8"?><record xmlns="http://www.loc.gov/MARC21/slim" xmlns:cinclude="http://apache.org/cocoon/include/1.0" xmlns:zs="http://www.loc.gov/zing/srw/">
  <leader>01343cz  a2200229n  4500</leader>
  <controlfield tag="001">no2013045649</controlfield>
  <controlfield tag="003">DLC</controlfield>
  <controlfield tag="005">20130531075436.0</controlfield>
  <controlfield tag="008">130425n| azannaabn          |n aaa     c</controlfield>
  <datafield tag="010" ind1=" " ind2=" ">
    <subfield code="a">no2013045649</subfield>
  </datafield>
  <datafield tag="035" ind1=" " ind2=" ">
    <subfield code="a">(OCoLC)oca09459549</subfield>
  </datafield>
  <datafield tag="040" ind1=" " ind2=" ">
    <subfield code="a">ICrlF</subfield>
    <subfield code="b">eng</subfield>
    <subfield code="e">rda</subfield>
    <subfield code="c">ICrlF</subfield>
    <subfield code="d">IEN</subfield>
  </datafield>
  <datafield tag="100" ind1="1" ind2=" ">
    <subfield code="a">Holm, Anthony</subfield>
  </datafield>
  <datafield tag="370" ind1=" " ind2=" ">
    <subfield code="e">Washington, D.C.</subfield>
    <subfield code="e">Austin, Tex.</subfield>
  </datafield>
  <datafield tag="371" ind1=" " ind2=" ">
    <subfield code="m">info@anthonyholm.com</subfield>
  </datafield>
  <datafield tag="372" ind1=" " ind2=" ">
    <subfield code="a">Writing</subfield>
    <subfield code="a">Political consulting</subfield>
  </datafield>
  <datafield tag="374" ind1=" " ind2=" ">
    <subfield code="a">Writer</subfield>
    <subfield code="a">Political consultant</subfield>
    <subfield code="a">Political commentator</subfield>
  </datafield>
  <datafield tag="375" ind1=" " ind2=" ">
    <subfield code="a">male</subfield>
  </datafield>
  <datafield tag="377" ind1=" " ind2=" ">
    <subfield code="a">eng</subfield>
  </datafield>
  <datafield tag="670" ind1=" " ind2=" ">
    <subfield code="a">His 52 reasons not to vote for Obama, c2012:</subfield>
    <subfield code="b">t.p. (written by Anthony Holm) dust jacket (advocate of liberty and the free market; strategist, communications specialist, commentator, and author; commentator on Fox, CNN, and others; taught political science in the University of Texas system; graduate of the University of Texas College of Liberal Arts and the University of Texas Law School)</subfield>
  </datafield>
  <datafield tag="670" ind1=" " ind2=" ">
    <subfield code="a">His web site, Apr. 24, 2013</subfield>
    <subfield code="b">(Anthony Holm; lives between Washington, DC and Austin, TX; Email: info@anthonyholm.com; advises national advocacy organizations, Fortune 500 corporations and elected officials on policy, strategy and crisis communications)</subfield>
  </datafield>
  <datafield tag="670" ind1=" " ind2=" ">
    <subfield code="a">Linked In, Apr. 24, 2013</subfield>
    <subfield code="b">(Anthony Holm; Principal, Patriot Group; Austin, Texas Area; Public Relations and Communications)</subfield>
  </datafield>
</record>